<?xml version="1.0" encoding="UTF-8"?><collection xmlns="http://www.loc.gov/MARC21/slim"><record><leader>00287nam--2200109-i-4500</leader><controlfield tag="001">000039250</controlfield><controlfield tag="002">20161230</controlfield><controlfield tag="005">20161230201042</controlfield><controlfield tag="008">060222s1000------------r-----000-0-eng-d</controlfield><datafield ind1=" " ind2=" " tag="245"><subfield code="a">Rca multiplier phototube</subfield></datafield><datafield ind1=" " ind2=" " tag="260"><subfield code="a">Harrison, New Jersey, Tube Department, 1953. 64p. Cu Figuri</subfield></datafield><datafield ind1=" " ind2=" " tag="852"><subfield code="a">4898</subfield></datafield></record></collection>